<?xml version="1.0" encoding="UTF-8"?>
<records xmlns="http://www.openarchives.org/OAI/2.0/">
  <record>
    <header>
      <identifier>oai:mst.rochester.edu:176</identifier>
    </header>
    <metadata>
      <marc:record xmlns:marc="http://www.loc.gov/MARC21/slim" xmlns:xsi="http://www.w3.org/2001/XMLSchema-instance" xsi:schemaLocation="http://www.loc.gov/MARC21/slim http://www.loc.gov/standards/marcxml/schema/MARC21slim.xsd">
        <marc:leader>01124ncm a22003130  45 A</marc:leader>
        <marc:controlfield tag="001">914190</marc:controlfield>
        <marc:controlfield tag="008">821015s1823    au ova         n    N/A d</marc:controlfield>
        <marc:datafield tag="028" ind1="2" ind2="2">
          <marc:subfield code="a">S:u:C:3951</marc:subfield>
          <marc:subfield code="b">S.A. Steiner</marc:subfield>
        </marc:datafield>
        <marc:datafield tag="035" ind1=" " ind2=" ">
          <marc:subfield code="b">ocm</marc:subfield>
          <marc:subfield code="a">08862425</marc:subfield>
        </marc:datafield>
        <marc:datafield tag="035" ind1=" " ind2=" ">
          <marc:subfield code="9">00856963</marc:subfield>
        </marc:datafield>
        <marc:datafield tag="040" ind1=" " ind2=" ">
          <marc:subfield code="a">IXA</marc:subfield>
          <marc:subfield code="c">IXA</marc:subfield>
          <marc:subfield code="d">m/c</marc:subfield>
          <marc:subfield code="d">RER</marc:subfield>
        </marc:datafield>
        <marc:datafield tag="045" ind1="2" ind2=" ">
          <marc:subfield code="b">d181108</marc:subfield>
          <marc:subfield code="b">d181109</marc:subfield>
        </marc:datafield>
        <marc:datafield tag="048" ind1=" " ind2=" ">
          <marc:subfield code="a">oa</marc:subfield>
        </marc:datafield>
        <marc:datafield tag="049" ind1=" " ind2=" ">
          <marc:subfield code="a">RERA</marc:subfield>
        </marc:datafield>
        <marc:datafield tag="090" ind1=" " ind2=" ">
          <marc:subfield code="a">M1004.B415</marc:subfield>
          <marc:subfield code="b">R9 1823</marc:subfield>
        </marc:datafield>
        <marc:datafield tag="100" ind1="1" ind2=" ">
          <marc:subfield code="a">Beethoven, Ludwig van,</marc:subfield>
          <marc:subfield code="d">1770-1827.</marc:subfield>
        </marc:datafield>
        <marc:datafield tag="240" ind1="1" ind2="0">
          <marc:subfield code="a">Ruinen von Athen.</marc:subfield>
          <marc:subfield code="p">Ouvertu&#x308;re</marc:subfield>
        </marc:datafield>
        <marc:datafield tag="245" ind1="0" ind2="0">
          <marc:subfield code="a">Ouverture zu Aug. v. Kotzebue's Ruinen von Athen ... 113tes Werk :</marc:subfield>
          <marc:subfield code="b">aufgefu&#x308;hrt bei der Ero&#x308;ffnung des neuen Theaters zu Pest /</marc:subfield>
          <marc:subfield code="c">verfasst von Ludw. van Beethoven.</marc:subfield>
        </marc:datafield>
        <marc:datafield tag="254" ind1=" " ind2=" ">
          <marc:subfield code="a">Partitur.</marc:subfield>
        </marc:datafield>
        <marc:datafield tag="260" ind1=" " ind2=" ">
          <marc:subfield code="a">Wien :</marc:subfield>
          <marc:subfield code="b">S.A. Steiner,</marc:subfield>
          <marc:subfield code="c">[1823]</marc:subfield>
        </marc:datafield>
        <marc:datafield tag="300" ind1=" " ind2=" ">
          <marc:subfield code="a">1 score (27 p.) ;</marc:subfield>
          <marc:subfield code="c">35 cm.</marc:subfield>
        </marc:datafield>
        <marc:datafield tag="500" ind1=" " ind2=" ">
          <marc:subfield code="a">First edition of the overture. Cf. Kinsky, Georg. Das Werk Beethovens. Mu&#x308;nchen, 1955, p. 327.</marc:subfield>
        </marc:datafield>
        <marc:datafield tag="500" ind1=" " ind2=" ">
          <marc:subfield code="a">In ms. on t.p.: Partitur.</marc:subfield>
        </marc:datafield>
        <marc:datafield tag="500" ind1=" " ind2=" ">
          <marc:subfield code="a">Engraved.</marc:subfield>
        </marc:datafield>
        <marc:datafield tag="650" ind1=" " ind2="0">
          <marc:subfield code="a">Overtures</marc:subfield>
          <marc:subfield code="x">Scores.</marc:subfield>
        </marc:datafield>
        <marc:datafield tag="700" ind1="1" ind2=" ">
          <marc:subfield code="a">Kotzebue, August von,</marc:subfield>
          <marc:subfield code="d">1761-1819.</marc:subfield>
          <marc:subfield code="t">Ruinen von Athen.</marc:subfield>
        </marc:datafield>
        <marc:datafield tag="910" ind1=" " ind2=" ">
          <marc:subfield code="a">950805</marc:subfield>
        </marc:datafield>
        <marc:datafield tag="911" ind1=" " ind2=" ">
          <marc:subfield code="a">u</marc:subfield>
        </marc:datafield>
        <marc:datafield tag="966" ind1=" " ind2=" ">
          <marc:subfield code="l">/Rare</marc:subfield>
          <marc:subfield code="m">SRARE</marc:subfield>
          <marc:subfield code="s">M1001.B415 R9 1823</marc:subfield>
          <marc:subfield code="c">1</marc:subfield>
          <marc:subfield code="b">39087009296635</marc:subfield>
        </marc:datafield>
      </marc:record>
    </metadata>
  </record>
</records>
